<?xml version="1.0" encoding="UTF-8"?><collection xmlns="http://www.loc.gov/MARC21/slim"><record><leader>00442nam--2200145-i-4500</leader><controlfield tag="001">000010871</controlfield><controlfield tag="002">20161230</controlfield><controlfield tag="005">20170305185731</controlfield><controlfield tag="008">060222s1000------------r-----000-0-eng-d</controlfield><datafield ind1=" " ind2=" " tag="245"><subfield code="a">Cercetari si disertatii din tarile membre ale centrului international de informare stiintifica si tehnica</subfield></datafield><datafield ind1=" " ind2=" " tag="260"><subfield code="a">Bucuresti</subfield><subfield code="b">I.N.I.D.S.T</subfield><subfield code="c">1974</subfield></datafield><datafield ind1=" " ind2=" " tag="300"><subfield code="a">193 p</subfield></datafield><datafield ind1=" " ind2=" " tag="490"><subfield code="a">Evidente Nationale</subfield></datafield><datafield ind1=" " ind2=" " tag="852"><subfield code="a">017.1(016:043)</subfield></datafield><datafield ind1=" " ind2=" " tag="CAT"><subfield code="a">SYS</subfield><subfield code="c">20170305</subfield><subfield code="h">185731</subfield></datafield></record></collection>